
    <zs:record>
      <zs:recordSchema/>
      <zs:recordPacking>xml</zs:recordPacking>
      <zs:recordData>
        <record xmlns="http://www.loc.gov/MARC21/slim">
          <leader>00948cam a22002651  4500</leader>
          <controlfield tag="001">278727</controlfield>
          <controlfield tag="005">20130408115146.0</controlfield>
          <controlfield tag="008">760623s1963    nyu           001 0 eng  </controlfield>
          <datafield tag="906" ind1=" " ind2=" ">
            <subfield code="a">7</subfield>
            <subfield code="b">cbc</subfield>
            <subfield code="c">orignew</subfield>
            <subfield code="d">u</subfield>
            <subfield code="e">ocip</subfield>
            <subfield code="f">19</subfield>
            <subfield code="g">y-gencatlg</subfield>
          </datafield>
          <datafield tag="010" ind1=" " ind2=" ">
            <subfield code="a">   63011028 </subfield>
          </datafield>
          <datafield tag="035" ind1=" " ind2=" ">
            <subfield code="9">(DLC)   63011028</subfield>
          </datafield>
          <datafield tag="040" ind1=" " ind2=" ">
            <subfield code="a">DLC</subfield>
            <subfield code="c">Wa</subfield>
            <subfield code="d">DLC</subfield>
          </datafield>
          <datafield tag="050" ind1="0" ind2="0">
            <subfield code="a">BX4200</subfield>
            <subfield code="b">.E3 1963</subfield>
          </datafield>
          <datafield tag="082" ind1="0" ind2="0">
            <subfield code="a">271.9069</subfield>
          </datafield>
          <datafield tag="100" ind1="1" ind2=" ">
            <subfield code="a">Eckenstein, Lina,</subfield>
            <subfield code="d">-1931.</subfield>
          </datafield>
          <datafield tag="245" ind1="1" ind2="0">
            <subfield code="a">Woman under monasticism;</subfield>
            <subfield code="b">chapters on saint-lore and convent life between A.D. 500 and A.D. 1500.</subfield>
          </datafield>
          <datafield tag="260" ind1=" " ind2=" ">
            <subfield code="a">New York,</subfield>
            <subfield code="b">Russell &amp; Russell,</subfield>
            <subfield code="c">1963.</subfield>
          </datafield>
          <datafield tag="300" ind1=" " ind2=" ">
            <subfield code="a">496 p.</subfield>
            <subfield code="c">25 cm.</subfield>
          </datafield>
          <datafield tag="650" ind1=" " ind2="0">
            <subfield code="a">Convents.</subfield>
          </datafield>
          <datafield tag="650" ind1=" " ind2="0">
            <subfield code="a">Monasticism and religious orders for women</subfield>
            <subfield code="x">History</subfield>
            <subfield code="y">Middle Ages, 600-1500.</subfield>
          </datafield>
          <datafield tag="650" ind1=" " ind2="0">
            <subfield code="a">Monastic and religious life</subfield>
            <subfield code="x">History</subfield>
            <subfield code="y">Middle Ages, 600-1500.</subfield>
          </datafield>
          <datafield tag="650" ind1=" " ind2="0">
            <subfield code="a">Women</subfield>
            <subfield code="x">History</subfield>
            <subfield code="y">Middle Ages, 500-1500.</subfield>
          </datafield>
          <datafield tag="850" ind1=" " ind2=" ">
            <subfield code="a">WaOE</subfield>
          </datafield>
          <datafield tag="985" ind1=" " ind2=" ">
            <subfield code="a">WSL/WSL</subfield>
            <subfield code="e">COMARC</subfield>
          </datafield>
          <datafield tag="991" ind1=" " ind2=" ">
            <subfield code="b">c-GenColl</subfield>
            <subfield code="h">BX4200</subfield>
            <subfield code="i">.E3 1963</subfield>
            <subfield code="p">00014009012</subfield>
            <subfield code="t">Copy 1</subfield>
            <subfield code="w">BOOKS</subfield>
          </datafield>
        </record>
      </zs:recordData>
      <zs:recordPosition>10</zs:recordPosition>
    </zs:record>